Automatically generated by Mendeley Desktop 1.13.8
Any changes to this file will be lost if it is regenerated by Mendeley.

BibTeX export options can be customized via Preferences -> BibTeX in Mendeley Desktop

@InProceedings{Szarnyas2015,
  author =   {G\'abor Sz\'arnyas and Oszk\'ar Semer\'ath and Istv\'an
                  R\'ath and D\'aniel Varr\'o},
  title =  {The TTC 2015 Train Benchmark Case for Incremental Model
                  Validation{*}},
  booktitle =    {Transformation Tool Contest 2015},
  year =   {2015}
}
@inproceedings{Krikava2014,
address = {Valencia},
author = {Krikava, Filip and Collet, Philippe and France, Robert},
booktitle = {Proceedings of 17th International Conference on Model-Driven Engineering Languages and Systems},
series = {MODELS},
title = {{SIGMA: Scala Internal Domain-Specific Languages for Model Manipulations}},
year = {2014}
}
@book{EMF,
author = {Steinberg, Dave and Budinsky, Frank and Paternostro, Marcelo and Merks, Ed},
isbn = {0321331885},
publisher = {Addison-Wesley Professional},
title = {{EMF: Eclipse Modeling Framework (2nd Edition)}},
year = {2008}
}
